@phdthesis{caoJiyuchengkedengdaishijiandechengshiguidaojiaotongliecheshikebiaoyouhuamoxingyusuanfayanjiu2021,
  type = {{硕士}},
  title = {{基于乘客等待时间的城市轨道交通列车时刻表优化模型与算法研究}},
  author = {曹, 璐},
  year = {2021},
  doi = {10.26944/d.cnki.gbfju.2021.001755},
  abstract = {新一轮科技革命推动城市轨道交通进一步发展,提出了运力与需求更加精准匹配的新要求。城市轨道交通列车时刻表为乘客提供出行参考信息,为运营商提供工作安排依据,是城市轨道交通运营过程中关键的一环。考虑实际中不确定因素对客流的影响,调整时刻表使运力与需求合理匹配,避免由于不确定因素影响造成最优时刻表失效,能够为运营商提供有效的列车运行决策支持。本文以不确定客流和城市轨道交通单条线路循环为背景,从运营商角度,考虑客流特性、列车开行列次、列车数量、列车容量以及列车运行安全等因素,在建立确定条件下列车时刻表优化模型的基础上,以广义成本最小为目标建立了不确定条件下可变开行列次的全天列车时刻表优化模型,其中广义成本由等待时间折算成本和列车运行折算成本组成。为了提高优化模型的求解效率,针对所提出的模型设计了遗传和声算法,并得到满意的近似最优解。本文主要研究内容如下:(1)从匹配运力和需求角度出发,构建确定条件下的列车时刻表优化模型。分析乘客到达和列车发车时刻之间的关系,给出容量限制条件下包括多次等待的乘客等待时间计算方法。在这基础上,根据需求确定开行列次,在保障列车运行安全和基础设施服务水平的条件下,优化列车在各车站的到发车时刻。最后设计遗传和声算法求解算例,遗传和声算法与传统遗传算法求解过程的对比表明遗传和声算法的收敛速度更快、寻优性能更好。(2)考虑到乘客在车站的实际到达情况可能会受到各种不确定因素影响,本文设定不同情景,同时引入0-1变量控制列车的服务,构建不确定条件下可变开行列次的列车时刻表优化模型。以包括不同情景下等待时间的期望值折算成本和列车开行列次折算成本的广义成本最小化为目标,优化开行列次和列车在各车站的到发时刻。最后,设计遗传和声算法,以北京市亦庄线为案例验证了模型的正确性和算法的求解优势,结果表明本文的模型和求解算法在城市轨道交通运营领域有很好的应用前景。},
  langid = {chinese},
  school = {北京交通大学},
  keywords = {Genetic harmony algorithm,Stochastic program,Timetable optimization,Uncertainty,不确定性,城市轨道交通,待整理,时刻表优化,遗传和声算法 Urban rail transit,随机规划},
  file = {D\:\\HaaaaaalloMg\\Sophycloud\\sophist\\storage\\H4DQS7XH\\曹_2021_基于乘客等待时间的城市轨道交通列车时刻表优化模型与算法研究.pdf}
}

@misc{funincodeShuzhidao36Zuiyouhuaxiliedi2jiDuomubiaoyouhuawenti,
  title = {{【数之道36】{$<$}最优化系列第2集{$>$}：多目标优化问题}},
  author = {FunInCode},
  abstract = {【数之道36】鱼和熊掌不可兼得，8分钟掌握多目标优化精髓{$<$}最优化系列第2集{$>$}, 视频播放量 12376、弹幕量 2、点赞数 596、投硬币枚数 272、收藏人数 621、转发人数 44, 视频作者 FunInCode, 作者简介 公众号: FunInCode 邮箱: funincodedata@gmail.com，相关视频：【数之道17】金属冷却处理中隐藏的智慧{$<$}模拟退火优化算法{$>$}，【FIC】使用这款免费黑科技工具，3分钟轻松完成顶级可视化图表！Charticulator，【数之道 18】"马尔可夫链"是什么？了解它只需5分钟！，【数之道】马尔可夫链蒙特卡洛方法是什么？十五分钟理解这个数据科学难点，【NSGA2】多目标优化应用案例，很多人都会答错, 需要仔细观察题目中的陷阱哦@funincode，【数之道14】六分钟时间，带你走近遗传算法，多目标优化：帕累托最优（Pareto Optimality），【数之道 04】解决最优路径问题的妙招-蚁群ACO算法，探寻蚁群觅食行为中隐藏的智慧【蚁群优化算法】},
  howpublished = {https://www.bilibili.com/video/BV15o4y1q7Ns/},
  langid = {chinese-simplified},
  keywords = {待整理},
  file = {D\:\\HaaaaaalloMg\\Sophycloud\\sophist\\storage\\69FE3I3L\\BV15o4y1q7Ns.html}
}

@article{hanJiyuyichuanheshengsuanfaqiujiehanshuyouhuawenti2010,
  title = {{基于遗传和声算法求解函数优化问题}},
  author = {韩, 红燕 and 潘, 全科 and 任, 文娟 and 张, 凤荣},
  year = {2010},
  journal = {计算机应用研究},
  volume = {27},
  number = {5},
  pages = {1723--1725},
  issn = {1001-3695},
  abstract = {针对遗传算法和和声搜索算法各自的特点,提出了一种新的搜索算法\textemdash\textemdash 遗传和声算法(GAHS)。新算法利用遗传算法改进了和声算法中和声记忆库初始解的产生方式,同时对和声算法中新解的产生方式也作了改进;将此改进算法应用到函数优化问题中,并分别对六个测试函数进行了仿真,用于验证算法的可行性。仿真结果表明,遗传和声算法提高了函数优化的搜索效率,具有较高的寻优性能和较强的跳出局部极小的能力。},
  langid = {chinese},
  keywords = {function optimization,genetic algorithm,genetic harmony algorithm,函数优化 harmony search(HS),和声搜索,待整理,遗传和声算法,遗传算法},
  file = {D\:\\HaaaaaalloMg\\Sophycloud\\sophist\\storage\\BEN8JVMH\\韩 et al_2010_基于遗传和声算法求解函数优化问题.pdf}
}
